@article{DBLP:journals/puc/Dey01,
  author    = {Anind K. Dey},
  title     = {Understanding and Using Context},
  journal   = {Personal and Ubiquitous Computing},
  volume    = {5},
  number    = {1},
  pages     = {4--7},
  year      = {2001},
  url       = {https://doi.org/10.1007/s007790170019},
  doi       = {10.1007/s007790170019},
  timestamp = {Wed, 14 Nov 2018 10:15:32 +0100},
  biburl    = {https://dblp.org/rec/bib/journals/puc/Dey01},
  bibsource = {dblp computer science bibliography, https://dblp.org}
}

@incollection{iso2017systems,
  title={Systems and software engineering -- Vocabulary},
  author={ISO and IEC and IEEE},
  booktitle={ISO/IEC/IEEE 24765: 2017 (E)},
  pages={1--536},
  year={2017}.
  url = {https://doi.org/10.1109/IEEESTD.2017.8016712},
  doi = {10.1109/IEEESTD.2017.8016712}
}

